Automatically generated by Mendeley 1.5
Any changes to this file will be lost if it is regenerated by Mendeley.

@article{gibson1996rwg,
author = {Gibson, G and Vitter, J S and Wilkes, J and Others},
journal = {ACM Computing Surveys},
number = {4},
title = {{Report of the Working Group on Storage I/O for Large-Scale Computing}},
volume = {28},
year = {1996}
}
@article{chen94raid,
author = {Chen, Peter M and Lee, Edward K and Gibson, Garth A and Katz, Randy H and Patterson, David A},
journal = {ACM Computing Surveys},
number = {2},
pages = {145--185},
title = {{\{RAID\}: High-Performance, Reliable Secondary Storage}},
volume = {26},
year = {1994}
}
@article{trace_IO,
author = {Miller, E L and Katz, R H},
institution = {ACM},
journal = {Proceedings of the 1991 ACM/IEEE conference on Supercomputing},
pages = {567--576},
title = {{Input/output behavior of supercomputing applications}},
year = {1991}
}
@inproceedings{pawlowski94nfs,
author = {Pawlowski, Brian and Juszczak, Chet and Staubach, Peter and Smith, Carl and Lebel, Diane and Hitz, Dave},
booktitle = {Proceedings of the \{USENIX\} Summer},
pages = {137--152},
title = {{\{NFS\} Version 3: Design and Implementation}},
year = {1994}
}
@article{241669,
address = {Piscataway, NJ, USA},
author = {Nieuwejaar, Nils and Kotz, David and Purakayastha, Apratim and Ellis, Carla Schlatter and Best, Michael L},
doi = {http://dx.doi.org/10.1109/71.539739},
issn = {1045-9219},
journal = {IEEE Trans. Parallel Distrib. Syst.},
number = {10},
pages = {1075--1089},
publisher = {IEEE Press},
title = {{File-Access Characteristics of Parallel Scientific Workloads}},
volume = {7},
year = {1996}
}
@inproceedings{654151,
address = {Washington, DC, USA},
author = {Stonebraker, Michael and Schloss, Gerhard A},
booktitle = {Proceedings of the Sixth International Conference on Data Engineering},
isbn = {0-8186-2025-0},
pages = {430--437},
publisher = {IEEE Computer Society},
title = {{Distributed RAID - A New Multiple Copy Algorithm}},
year = {1990}
}
@inproceedings{Sweeney:SXF-USENIX96,
address = {San Diego, CA, USA},
author = {Sweeney, Adam and Doucette, Doug and Hu, Wei and Anderson, Curtis and Nishimoto, Mike and Peck, Geoff},
booktitle = {Proceedings of the \{USENIX\} 1996 Technical Conference},
pages = {1--14},
title = {{Scalability in the \{XFS\} File System}},
url = {citeseer.nj.nec.com/sweeney96scalability.html},
year = {1996}
}
@article{558076,
author = {Madhyastha, T M and Reed, D A},
doi = {10.1109/FMPC.1996.558076},
journal = {Frontiers of Massively Parallel Computing, 1996. Proceedings ’Frontiers ’96’., Sixth Symposium on the},
keywords = { application execution, application input/output patterns, application input/output performance, application requirements, automatic file access pattern recognition, benchmarks, caching strategies, changing input/output demands, dynamically adapted file system policies, feedforward neural nets, file organisation, file system policy testbed, input-output programs, input/output intensive scientific applications, input/output optimization decisions, intelligent adaptive file system policy selection, learning (artificial intelligence), low overhead input/output system, maximized input/output performance, pattern classificationaccess pattern classificati, retargetable file system infrastructure, speedups, trained learning mechanism,cache storage},
pages = {172--179},
title = {{Intelligent, adaptive file system policy selection}},
year = {1996}
}
@techreport{lee90,
author = {Lee, Edward K},
institution = {University of California at Berkeley},
number = {UCB/CSD 90/573},
title = {{Software and Performance Issues in the Implementation of a \{RAID\} Prototype}},
year = {1990}
}
@article{cormen_conceitual,
author = {Cormen, T H and Kotz, D},
institution = {Citeseer},
journal = {Proceedings of the 1993 DAGS/PC Symposium},
title = {{Integrating theory and practice in parallel file systems}},
volume = {7},
year = {1993}
}
@article{nitzberg1997cbi,
author = {Nitzberg, B and Lo, V},
journal = {High Performance Distributed Computing, 1997. Proceedings. The Sixth IEEE International Symposium on},
pages = {148--157},
title = {{Collective buffering: Improving parallel I/O performance}},
year = {1997}
}
@inproceedings{737633,
address = {London, UK},
author = {Smirni, Evgenia and Reed, Daniel A},
booktitle = {Proceedings of the 9th International Conference on Computer Performance Evaluation: Modelling Techniques and Tools},
isbn = {3-540-63101-1},
pages = {169--180},
publisher = {Springer-Verlag},
title = {{Workload Characterization of Input/Output Intensive Parallel Applications}},
year = {1997}
}
